%YAML 1.1
%TAG !u! tag:unity3d.com,2011:
--- !u!29 &1
OcclusionCullingSettings:
  m_ObjectHideFlags: 0
  serializedVersion: 2
  m_OcclusionBakeSettings:
    smallestOccluder: 5
    smallestHole: 0.25
    backfaceThreshold: 100
  m_SceneGUID: 00000000000000000000000000000000
  m_OcclusionCullingData: {fileID: 0}
--- !u!104 &2
RenderSettings:
  m_ObjectHideFlags: 0
  serializedVersion: 8
  m_Fog: 0
  m_FogColor: {r: 0.5, g: 0.5, b: 0.5, a: 1}
  m_FogMode: 3
  m_FogDensity: 0.01
  m_LinearFogStart: 0
  m_LinearFogEnd: 300
  m_AmbientSkyColor: {r: 0.212, g: 0.227, b: 0.259, a: 1}
  m_AmbientEquatorColor: {r: 0.114, g: 0.125, b: 0.133, a: 1}
  m_AmbientGroundColor: {r: 0.047, g: 0.043, b: 0.035, a: 1}
  m_AmbientIntensity: 1
  m_AmbientMode: 3
  m_SubtractiveShadowColor: {r: 0.42, g: 0.478, b: 0.627, a: 1}
  m_SkyboxMaterial: {fileID: 0}
  m_HaloStrength: 0.5
  m_FlareStrength: 1
  m_FlareFadeSpeed: 3
  m_HaloTexture: {fileID: 0}
  m_SpotCookie: {fileID: 10001, guid: 0000000000000000e000000000000000, type: 0}
  m_DefaultReflectionMode: 0
  m_DefaultReflectionResolution: 128
  m_ReflectionBounces: 1
  m_ReflectionIntensity: 1
  m_CustomReflection: {fileID: 0}
  m_Sun: {fileID: 0}
  m_IndirectSpecularColor: {r: 0, g: 0, b: 0, a: 1}
--- !u!157 &3
LightmapSettings:
  m_ObjectHideFlags: 0
  serializedVersion: 11
  m_GIWorkflowMode: 1
  m_GISettings:
    serializedVersion: 2
    m_BounceScale: 1
    m_IndirectOutputScale: 1
    m_AlbedoBoost: 1
    m_TemporalCoherenceThreshold: 1
    m_EnvironmentLightingMode: 0
    m_EnableBakedLightmaps: 0
    m_EnableRealtimeLightmaps: 0
  m_LightmapEditorSettings:
    serializedVersion: 9
    m_Resolution: 2
    m_BakeResolution: 40
    m_TextureWidth: 1024
    m_TextureHeight: 1024
    m_AO: 0
    m_AOMaxDistance: 1
    m_CompAOExponent: 1
    m_CompAOExponentDirect: 0
    m_Padding: 2
    m_LightmapParameters: {fileID: 0}
    m_LightmapsBakeMode: 1
    m_TextureCompression: 1
    m_FinalGather: 0
    m_FinalGatherFiltering: 1
    m_FinalGatherRayCount: 256
    m_ReflectionCompression: 2
    m_MixedBakeMode: 2
    m_BakeBackend: 0
    m_PVRSampling: 1
    m_PVRDirectSampleCount: 32
    m_PVRSampleCount: 500
    m_PVRBounces: 2
    m_PVRFiltering: 0
    m_PVRFilteringMode: 1
    m_PVRCulling: 1
    m_PVRFilteringGaussRadiusDirect: 1
    m_PVRFilteringGaussRadiusIndirect: 5
    m_PVRFilteringGaussRadiusAO: 2
    m_PVRFilteringAtrousColorSigma: 1
    m_PVRFilteringAtrousNormalSigma: 1
    m_PVRFilteringAtrousPositionSigma: 1
  m_LightingDataAsset: {fileID: 0}
  m_UseShadowmask: 1
--- !u!196 &4
NavMeshSettings:
  serializedVersion: 2
  m_ObjectHideFlags: 0
  m_BuildSettings:
    serializedVersion: 2
    agentTypeID: 0
    agentRadius: 0.5
    agentHeight: 2
    agentSlope: 45
    agentClimb: 0.4
    ledgeDropHeight: 0
    maxJumpAcrossDistance: 0
    minRegionArea: 2
    manualCellSize: 0
    cellSize: 0.16666667
    manualTileSize: 0
    tileSize: 256
    accuratePlacement: 0
  m_NavMeshData: {fileID: 0}
--- !u!1001 &154026324
Prefab:
  m_ObjectHideFlags: 0
  serializedVersion: 2
  m_Modification:
    m_TransformParent: {fileID: 0}
    m_Modifications:
    - target: {fileID: 4759277807092888, guid: 37e2b1645c44bbd4e9d178679504b5a3, type: 2}
      propertyPath: m_LocalPosition.x
      value: 9.726863
      objectReference: {fileID: 0}
    - target: {fileID: 4759277807092888, guid: 37e2b1645c44bbd4e9d178679504b5a3, type: 2}
      propertyPath: m_LocalPosition.y
      value: -0.3890866
      objectReference: {fileID: 0}
    - target: {fileID: 4759277807092888, guid: 37e2b1645c44bbd4e9d178679504b5a3, type: 2}
      propertyPath: m_LocalPosition.z
      value: 0
      objectReference: {fileID: 0}
    - target: {fileID: 4759277807092888, guid: 37e2b1645c44bbd4e9d178679504b5a3, type: 2}
      propertyPath: m_LocalRotation.x
      value: 0
      objectReference: {fileID: 0}
    - target: {fileID: 4759277807092888, guid: 37e2b1645c44bbd4e9d178679504b5a3, type: 2}
      propertyPath: m_LocalRotation.y
      value: 0
      objectReference: {fileID: 0}
    - target: {fileID: 4759277807092888, guid: 37e2b1645c44bbd4e9d178679504b5a3, type: 2}
      propertyPath: m_LocalRotation.z
      value: 0
      objectReference: {fileID: 0}
    - target: {fileID: 4759277807092888, guid: 37e2b1645c44bbd4e9d178679504b5a3, type: 2}
      propertyPath: m_LocalRotation.w
      value: 1
      objectReference: {fileID: 0}
    - target: {fileID: 4759277807092888, guid: 37e2b1645c44bbd4e9d178679504b5a3, type: 2}
      propertyPath: m_RootOrder
      value: 1
      objectReference: {fileID: 0}
    - target: {fileID: 1878438711654682, guid: 37e2b1645c44bbd4e9d178679504b5a3, type: 2}
      propertyPath: m_Name
      value: Wood_Tall (1)
      objectReference: {fileID: 0}
    m_RemovedComponents: []
  m_ParentPrefab: {fileID: 100100000, guid: 37e2b1645c44bbd4e9d178679504b5a3, type: 2}
  m_IsPrefabParent: 0
--- !u!1001 &181692535
Prefab:
  m_ObjectHideFlags: 0
  serializedVersion: 2
  m_Modification:
    m_TransformParent: {fileID: 0}
    m_Modifications:
    - target: {fileID: 4758118858824420, guid: 07925e22405bc7c499b0d6b40a291ac2, type: 2}
      propertyPath: m_LocalPosition.x
      value: -4.06
      objectReference: {fileID: 0}
    - target: {fileID: 4758118858824420, guid: 07925e22405bc7c499b0d6b40a291ac2, type: 2}
      propertyPath: m_LocalPosition.y
      value: 0.14
      objectReference: {fileID: 0}
    - target: {fileID: 4758118858824420, guid: 07925e22405bc7c499b0d6b40a291ac2, type: 2}
      propertyPath: m_LocalPosition.z
      value: 0
      objectReference: {fileID: 0}
    - target: {fileID: 4758118858824420, guid: 07925e22405bc7c499b0d6b40a291ac2, type: 2}
      propertyPath: m_LocalRotation.x
      value: 0
      objectReference: {fileID: 0}
    - target: {fileID: 4758118858824420, guid: 07925e22405bc7c499b0d6b40a291ac2, type: 2}
      propertyPath: m_LocalRotation.y
      value: 0
      objectReference: {fileID: 0}
    - target: {fileID: 4758118858824420, guid: 07925e22405bc7c499b0d6b40a291ac2, type: 2}
      propertyPath: m_LocalRotation.z
      value: 0
      objectReference: {fileID: 0}
    - target: {fileID: 4758118858824420, guid: 07925e22405bc7c499b0d6b40a291ac2, type: 2}
      propertyPath: m_LocalRotation.w
      value: 1
      objectReference: {fileID: 0}
    - target: {fileID: 4758118858824420, guid: 07925e22405bc7c499b0d6b40a291ac2, type: 2}
      propertyPath: m_RootOrder
      value: 6
      objectReference: {fileID: 0}
    - target: {fileID: 114527545975618622, guid: 07925e22405bc7c499b0d6b40a291ac2,
        type: 2}
      propertyPath: hook
      value: 
      objectReference: {fileID: 755188510}
    - target: {fileID: 231421695904549192, guid: 07925e22405bc7c499b0d6b40a291ac2,
        type: 2}
      propertyPath: m_ConnectedRigidBody
      value: 
      objectReference: {fileID: 755188510}
    - target: {fileID: 1848008138873718, guid: 07925e22405bc7c499b0d6b40a291ac2, type: 2}
      propertyPath: m_Name
      value: Ball (2)
      objectReference: {fileID: 0}
    - target: {fileID: 1848008138873718, guid: 07925e22405bc7c499b0d6b40a291ac2, type: 2}
      propertyPath: m_IsActive
      value: 0
      objectReference: {fileID: 0}
    m_RemovedComponents: []
  m_ParentPrefab: {fileID: 100100000, guid: 07925e22405bc7c499b0d6b40a291ac2, type: 2}
  m_IsPrefabParent: 0
--- !u!1 &440222835 stripped
GameObject:
  m_PrefabParentObject: {fileID: 1848008138873718, guid: 07925e22405bc7c499b0d6b40a291ac2,
    type: 2}
  m_PrefabInternal: {fileID: 181692535}
--- !u!1 &454583246
GameObject:
  m_ObjectHideFlags: 0
  m_PrefabParentObject: {fileID: 0}
  m_PrefabInternal: {fileID: 0}
  serializedVersion: 5
  m_Component:
  - component: {fileID: 454583248}
  - component: {fileID: 454583247}
  - component: {fileID: 454583249}
  m_Layer: 0
  m_Name: Ground
  m_TagString: Untagged
  m_Icon: {fileID: 0}
  m_NavMeshLayer: 0
  m_StaticEditorFlags: 0
  m_IsActive: 1
--- !u!212 &454583247
SpriteRenderer:
  m_ObjectHideFlags: 0
  m_PrefabParentObject: {fileID: 0}
  m_PrefabInternal: {fileID: 0}
  m_GameObject: {fileID: 454583246}
  m_Enabled: 1
  m_CastShadows: 0
  m_ReceiveShadows: 0
  m_MotionVectors: 1
  m_LightProbeUsage: 1
  m_ReflectionProbeUsage: 1
  m_Materials:
  - {fileID: 10754, guid: 0000000000000000f000000000000000, type: 0}
  m_StaticBatchInfo:
    firstSubMesh: 0
    subMeshCount: 0
  m_StaticBatchRoot: {fileID: 0}
  m_ProbeAnchor: {fileID: 0}
  m_LightProbeVolumeOverride: {fileID: 0}
  m_ScaleInLightmap: 1
  m_PreserveUVs: 0
  m_IgnoreNormalsForChartDetection: 0
  m_ImportantGI: 0
  m_SelectedEditorRenderState: 0
  m_MinimumChartSize: 4
  m_AutoUVMaxDistance: 0.5
  m_AutoUVMaxAngle: 89
  m_LightmapParameters: {fileID: 0}
  m_SortingLayerID: 0
  m_SortingLayer: 0
  m_SortingOrder: 0
  m_Sprite: {fileID: 21300000, guid: 1b168827ee5c5ff45b791c8ca5525cbb, type: 3}
  m_Color: {r: 1, g: 1, b: 1, a: 1}
  m_FlipX: 0
  m_FlipY: 0
  m_DrawMode: 0
  m_Size: {x: 19.2, y: 3.69}
  m_AdaptiveModeThreshold: 0.5
  m_SpriteTileMode: 0
  m_WasSpriteAssigned: 1
  m_MaskInteraction: 0
--- !u!4 &454583248
Transform:
  m_ObjectHideFlags: 0
  m_PrefabParentObject: {fileID: 0}
  m_PrefabInternal: {fileID: 0}
  m_GameObject: {fileID: 454583246}
  m_LocalRotation: {x: 0, y: 0, z: 0, w: 1}
  m_LocalPosition: {x: -0.367, y: -3.37, z: 0}
  m_LocalScale: {x: 1.36079, y: 0.99395305, z: 1.1057739}
  m_Children: []
  m_Father: {fileID: 0}
  m_RootOrder: 5
  m_LocalEulerAnglesHint: {x: 0, y: 0, z: 0}
--- !u!61 &454583249
BoxCollider2D:
  m_ObjectHideFlags: 0
  m_PrefabParentObject: {fileID: 0}
  m_PrefabInternal: {fileID: 0}
  m_GameObject: {fileID: 454583246}
  m_Enabled: 1
  m_Density: 1
  m_Material: {fileID: 0}
  m_IsTrigger: 0
  m_UsedByEffector: 0
  m_UsedByComposite: 0
  m_Offset: {x: 0, y: 0}
  m_SpriteTilingProperty:
    border: {x: 0, y: 0, z: 0, w: 0}
    pivot: {x: 0.5, y: 0.5}
    oldSize: {x: 19.2, y: 3.69}
    newSize: {x: 19.2, y: 3.69}
    adaptiveTilingThreshold: 0.5
    drawMode: 0
    adaptiveTiling: 0
  m_AutoTiling: 0
  serializedVersion: 2
  m_Size: {x: 19.2, y: 3.69}
  m_EdgeRadius: 0
--- !u!1 &755188509
GameObject:
  m_ObjectHideFlags: 0
  m_PrefabParentObject: {fileID: 0}
  m_PrefabInternal: {fileID: 0}
  serializedVersion: 5
  m_Component:
  - component: {fileID: 755188512}
  - component: {fileID: 755188511}
  - component: {fileID: 755188510}
  m_Layer: 0
  m_Name: Hook
  m_TagString: Untagged
  m_Icon: {fileID: 0}
  m_NavMeshLayer: 0
  m_StaticEditorFlags: 0
  m_IsActive: 1
--- !u!50 &755188510
Rigidbody2D:
  serializedVersion: 4
  m_ObjectHideFlags: 0
  m_PrefabParentObject: {fileID: 0}
  m_PrefabInternal: {fileID: 0}
  m_GameObject: {fileID: 755188509}
  m_BodyType: 2
  m_Simulated: 1
  m_UseFullKinematicContacts: 0
  m_UseAutoMass: 0
  m_Mass: 1
  m_LinearDrag: 0
  m_AngularDrag: 0.05
  m_GravityScale: 1
  m_Material: {fileID: 0}
  m_Interpolate: 0
  m_SleepingMode: 1
  m_CollisionDetection: 0
  m_Constraints: 0
--- !u!212 &755188511
SpriteRenderer:
  m_ObjectHideFlags: 0
  m_PrefabParentObject: {fileID: 0}
  m_PrefabInternal: {fileID: 0}
  m_GameObject: {fileID: 755188509}
  m_Enabled: 1
  m_CastShadows: 0
  m_ReceiveShadows: 0
  m_MotionVectors: 1
  m_LightProbeUsage: 1
  m_ReflectionProbeUsage: 1
  m_Materials:
  - {fileID: 10754, guid: 0000000000000000f000000000000000, type: 0}
  m_StaticBatchInfo:
    firstSubMesh: 0
    subMeshCount: 0
  m_StaticBatchRoot: {fileID: 0}
  m_ProbeAnchor: {fileID: 0}
  m_LightProbeVolumeOverride: {fileID: 0}
  m_ScaleInLightmap: 1
  m_PreserveUVs: 0
  m_IgnoreNormalsForChartDetection: 0
  m_ImportantGI: 0
  m_SelectedEditorRenderState: 0
  m_MinimumChartSize: 4
  m_AutoUVMaxDistance: 0.5
  m_AutoUVMaxAngle: 89
  m_LightmapParameters: {fileID: 0}
  m_SortingLayerID: 0
  m_SortingLayer: 0
  m_SortingOrder: 0
  m_Sprite: {fileID: 10913, guid: 0000000000000000f000000000000000, type: 0}
  m_Color: {r: 0, g: 0, b: 0, a: 0.216}
  m_FlipX: 0
  m_FlipY: 0
  m_DrawMode: 0
  m_Size: {x: 0.2, y: 0.2}
  m_AdaptiveModeThreshold: 0.5
  m_SpriteTileMode: 0
  m_WasSpriteAssigned: 1
  m_MaskInteraction: 0
--- !u!4 &755188512
Transform:
  m_ObjectHideFlags: 0
  m_PrefabParentObject: {fileID: 0}
  m_PrefabInternal: {fileID: 0}
  m_GameObject: {fileID: 755188509}
  m_LocalRotation: {x: 0, y: 0, z: 0, w: 1}
  m_LocalPosition: {x: -4.06, y: 0.14, z: 0}
  m_LocalScale: {x: 2, y: 2, z: 1}
  m_Children: []
  m_Father: {fileID: 0}
  m_RootOrder: 8
  m_LocalEulerAnglesHint: {x: 0, y: 0, z: 0}
--- !u!1001 &765225339
Prefab:
  m_ObjectHideFlags: 0
  serializedVersion: 2
  m_Modification:
    m_TransformParent: {fileID: 0}
    m_Modifications:
    - target: {fileID: 4030280264772868, guid: ead0d8c572d2cc3489f4a2b2a9976746, type: 2}
      propertyPath: m_LocalPosition.x
      value: 4.063
      objectReference: {fileID: 0}
    - target: {fileID: 4030280264772868, guid: ead0d8c572d2cc3489f4a2b2a9976746, type: 2}
      propertyPath: m_LocalPosition.y
      value: -0.973
      objectReference: {fileID: 0}
    - target: {fileID: 4030280264772868, guid: ead0d8c572d2cc3489f4a2b2a9976746, type: 2}
      propertyPath: m_LocalPosition.z
      value: 0
      objectReference: {fileID: 0}
    - target: {fileID: 4030280264772868, guid: ead0d8c572d2cc3489f4a2b2a9976746, type: 2}
      propertyPath: m_LocalRotation.x
      value: 0
      objectReference: {fileID: 0}
    - target: {fileID: 4030280264772868, guid: ead0d8c572d2cc3489f4a2b2a9976746, type: 2}
      propertyPath: m_LocalRotation.y
      value: 0
      objectReference: {fileID: 0}
    - target: {fileID: 4030280264772868, guid: ead0d8c572d2cc3489f4a2b2a9976746, type: 2}
      propertyPath: m_LocalRotation.z
      value: 0
      objectReference: {fileID: 0}
    - target: {fileID: 4030280264772868, guid: ead0d8c572d2cc3489f4a2b2a9976746, type: 2}
      propertyPath: m_LocalRotation.w
      value: 1
      objectReference: {fileID: 0}
    - target: {fileID: 4030280264772868, guid: ead0d8c572d2cc3489f4a2b2a9976746, type: 2}
      propertyPath: m_RootOrder
      value: 9
      objectReference: {fileID: 0}
    m_RemovedComponents: []
  m_ParentPrefab: {fileID: 100100000, guid: ead0d8c572d2cc3489f4a2b2a9976746, type: 2}
  m_IsPrefabParent: 0
--- !u!1001 &841609522
Prefab:
  m_ObjectHideFlags: 0
  serializedVersion: 2
  m_Modification:
    m_TransformParent: {fileID: 0}
    m_Modifications:
    - target: {fileID: 4758118858824420, guid: 07925e22405bc7c499b0d6b40a291ac2, type: 2}
      propertyPath: m_LocalPosition.x
      value: -4.06
      objectReference: {fileID: 0}
    - target: {fileID: 4758118858824420, guid: 07925e22405bc7c499b0d6b40a291ac2, type: 2}
      propertyPath: m_LocalPosition.y
      value: 0.14
      objectReference: {fileID: 0}
    - target: {fileID: 4758118858824420, guid: 07925e22405bc7c499b0d6b40a291ac2, type: 2}
      propertyPath: m_LocalPosition.z
      value: 0
      objectReference: {fileID: 0}
    - target: {fileID: 4758118858824420, guid: 07925e22405bc7c499b0d6b40a291ac2, type: 2}
      propertyPath: m_LocalRotation.x
      value: 0
      objectReference: {fileID: 0}
    - target: {fileID: 4758118858824420, guid: 07925e22405bc7c499b0d6b40a291ac2, type: 2}
      propertyPath: m_LocalRotation.y
      value: 0
      objectReference: {fileID: 0}
    - target: {fileID: 4758118858824420, guid: 07925e22405bc7c499b0d6b40a291ac2, type: 2}
      propertyPath: m_LocalRotation.z
      value: 0
      objectReference: {fileID: 0}
    - target: {fileID: 4758118858824420, guid: 07925e22405bc7c499b0d6b40a291ac2, type: 2}
      propertyPath: m_LocalRotation.w
      value: 1
      objectReference: {fileID: 0}
    - target: {fileID: 4758118858824420, guid: 07925e22405bc7c499b0d6b40a291ac2, type: 2}
      propertyPath: m_RootOrder
      value: 4
      objectReference: {fileID: 0}
    - target: {fileID: 114527545975618622, guid: 07925e22405bc7c499b0d6b40a291ac2,
        type: 2}
      propertyPath: hook
      value: 
      objectReference: {fileID: 755188510}
    - target: {fileID: 231421695904549192, guid: 07925e22405bc7c499b0d6b40a291ac2,
        type: 2}
      propertyPath: m_ConnectedRigidBody
      value: 
      objectReference: {fileID: 755188510}
    - target: {fileID: 114527545975618622, guid: 07925e22405bc7c499b0d6b40a291ac2,
        type: 2}
      propertyPath: nextBall
      value: 
      objectReference: {fileID: 864227475}
    m_RemovedComponents: []
  m_ParentPrefab: {fileID: 100100000, guid: 07925e22405bc7c499b0d6b40a291ac2, type: 2}
  m_IsPrefabParent: 0
--- !u!1 &864227475 stripped
GameObject:
  m_PrefabParentObject: {fileID: 1848008138873718, guid: 07925e22405bc7c499b0d6b40a291ac2,
    type: 2}
  m_PrefabInternal: {fileID: 1005845775}
--- !u!1001 &1005845775
Prefab:
  m_ObjectHideFlags: 0
  serializedVersion: 2
  m_Modification:
    m_TransformParent: {fileID: 0}
    m_Modifications:
    - target: {fileID: 4758118858824420, guid: 07925e22405bc7c499b0d6b40a291ac2, type: 2}
      propertyPath: m_LocalPosition.x
      value: -4.06
      objectReference: {fileID: 0}
    - target: {fileID: 4758118858824420, guid: 07925e22405bc7c499b0d6b40a291ac2, type: 2}
      propertyPath: m_LocalPosition.y
      value: 0.14
      objectReference: {fileID: 0}
    - target: {fileID: 4758118858824420, guid: 07925e22405bc7c499b0d6b40a291ac2, type: 2}
      propertyPath: m_LocalPosition.z
      value: 0
      objectReference: {fileID: 0}
    - target: {fileID: 4758118858824420, guid: 07925e22405bc7c499b0d6b40a291ac2, type: 2}
      propertyPath: m_LocalRotation.x
      value: 0
      objectReference: {fileID: 0}
    - target: {fileID: 4758118858824420, guid: 07925e22405bc7c499b0d6b40a291ac2, type: 2}
      propertyPath: m_LocalRotation.y
      value: 0
      objectReference: {fileID: 0}
    - target: {fileID: 4758118858824420, guid: 07925e22405bc7c499b0d6b40a291ac2, type: 2}
      propertyPath: m_LocalRotation.z
      value: 0
      objectReference: {fileID: 0}
    - target: {fileID: 4758118858824420, guid: 07925e22405bc7c499b0d6b40a291ac2, type: 2}
      propertyPath: m_LocalRotation.w
      value: 1
      objectReference: {fileID: 0}
    - target: {fileID: 4758118858824420, guid: 07925e22405bc7c499b0d6b40a291ac2, type: 2}
      propertyPath: m_RootOrder
      value: 5
      objectReference: {fileID: 0}
    - target: {fileID: 114527545975618622, guid: 07925e22405bc7c499b0d6b40a291ac2,
        type: 2}
      propertyPath: hook
      value: 
      objectReference: {fileID: 755188510}
    - target: {fileID: 231421695904549192, guid: 07925e22405bc7c499b0d6b40a291ac2,
        type: 2}
      propertyPath: m_ConnectedRigidBody
      value: 
      objectReference: {fileID: 755188510}
    - target: {fileID: 1848008138873718, guid: 07925e22405bc7c499b0d6b40a291ac2, type: 2}
      propertyPath: m_Name
      value: Ball (1)
      objectReference: {fileID: 0}
    - target: {fileID: 1848008138873718, guid: 07925e22405bc7c499b0d6b40a291ac2, type: 2}
      propertyPath: m_IsActive
      value: 0
      objectReference: {fileID: 0}
    - target: {fileID: 114527545975618622, guid: 07925e22405bc7c499b0d6b40a291ac2,
        type: 2}
      propertyPath: nextBall
      value: 
      objectReference: {fileID: 440222835}
    m_RemovedComponents: []
  m_ParentPrefab: {fileID: 100100000, guid: 07925e22405bc7c499b0d6b40a291ac2, type: 2}
  m_IsPrefabParent: 0
--- !u!1001 &1420280777
Prefab:
  m_ObjectHideFlags: 0
  serializedVersion: 2
  m_Modification:
    m_TransformParent: {fileID: 0}
    m_Modifications:
    - target: {fileID: 4266170329084882, guid: 0ee74777f1906f341b010598fd26ef42, type: 2}
      propertyPath: m_LocalPosition.x
      value: 4.93
      objectReference: {fileID: 0}
    - target: {fileID: 4266170329084882, guid: 0ee74777f1906f341b010598fd26ef42, type: 2}
      propertyPath: m_LocalPosition.y
      value: -1.25
      objectReference: {fileID: 0}
    - target: {fileID: 4266170329084882, guid: 0ee74777f1906f341b010598fd26ef42, type: 2}
      propertyPath: m_LocalPosition.z
      value: 0
      objectReference: {fileID: 0}
    - target: {fileID: 4266170329084882, guid: 0ee74777f1906f341b010598fd26ef42, type: 2}
      propertyPath: m_LocalRotation.x
      value: 0
      objectReference: {fileID: 0}
    - target: {fileID: 4266170329084882, guid: 0ee74777f1906f341b010598fd26ef42, type: 2}
      propertyPath: m_LocalRotation.y
      value: 0
      objectReference: {fileID: 0}
    - target: {fileID: 4266170329084882, guid: 0ee74777f1906f341b010598fd26ef42, type: 2}
      propertyPath: m_LocalRotation.z
      value: 0
      objectReference: {fileID: 0}
    - target: {fileID: 4266170329084882, guid: 0ee74777f1906f341b010598fd26ef42, type: 2}
      propertyPath: m_LocalRotation.w
      value: 1
      objectReference: {fileID: 0}
    - target: {fileID: 4266170329084882, guid: 0ee74777f1906f341b010598fd26ef42, type: 2}
      propertyPath: m_RootOrder
      value: 12
      objectReference: {fileID: 0}
    m_RemovedComponents: []
  m_ParentPrefab: {fileID: 100100000, guid: 0ee74777f1906f341b010598fd26ef42, type: 2}
  m_IsPrefabParent: 0
--- !u!1001 &1546416612
Prefab:
  m_ObjectHideFlags: 0
  serializedVersion: 2
  m_Modification:
    m_TransformParent: {fileID: 0}
    m_Modifications:
    - target: {fileID: 4266170329084882, guid: 0ee74777f1906f341b010598fd26ef42, type: 2}
      propertyPath: m_LocalPosition.x
      value: 4.148
      objectReference: {fileID: 0}
    - target: {fileID: 4266170329084882, guid: 0ee74777f1906f341b010598fd26ef42, type: 2}
      propertyPath: m_LocalPosition.y
      value: 0.266
      objectReference: {fileID: 0}
    - target: {fileID: 4266170329084882, guid: 0ee74777f1906f341b010598fd26ef42, type: 2}
      propertyPath: m_LocalPosition.z
      value: 0
      objectReference: {fileID: 0}
    - target: {fileID: 4266170329084882, guid: 0ee74777f1906f341b010598fd26ef42, type: 2}
      propertyPath: m_LocalRotation.x
      value: 0
      objectReference: {fileID: 0}
    - target: {fileID: 4266170329084882, guid: 0ee74777f1906f341b010598fd26ef42, type: 2}
      propertyPath: m_LocalRotation.y
      value: 0
      objectReference: {fileID: 0}
    - target: {fileID: 4266170329084882, guid: 0ee74777f1906f341b010598fd26ef42, type: 2}
      propertyPath: m_LocalRotation.z
      value: 0
      objectReference: {fileID: 0}
    - target: {fileID: 4266170329084882, guid: 0ee74777f1906f341b010598fd26ef42, type: 2}
      propertyPath: m_LocalRotation.w
      value: 1
      objectReference: {fileID: 0}
    - target: {fileID: 4266170329084882, guid: 0ee74777f1906f341b010598fd26ef42, type: 2}
      propertyPath: m_RootOrder
      value: 2
      objectReference: {fileID: 0}
    - target: {fileID: 1025502394202652, guid: 0ee74777f1906f341b010598fd26ef42, type: 2}
      propertyPath: m_Name
      value: Enemy (1)
      objectReference: {fileID: 0}
    m_RemovedComponents: []
  m_ParentPrefab: {fileID: 100100000, guid: 0ee74777f1906f341b010598fd26ef42, type: 2}
  m_IsPrefabParent: 0
--- !u!1001 &1739211552
Prefab:
  m_ObjectHideFlags: 0
  serializedVersion: 2
  m_Modification:
    m_TransformParent: {fileID: 0}
    m_Modifications:
    - target: {fileID: 4759277807092888, guid: 37e2b1645c44bbd4e9d178679504b5a3, type: 2}
      propertyPath: m_LocalPosition.x
      value: 4.931
      objectReference: {fileID: 0}
    - target: {fileID: 4759277807092888, guid: 37e2b1645c44bbd4e9d178679504b5a3, type: 2}
      propertyPath: m_LocalPosition.y
      value: -0.158
      objectReference: {fileID: 0}
    - target: {fileID: 4759277807092888, guid: 37e2b1645c44bbd4e9d178679504b5a3, type: 2}
      propertyPath: m_LocalPosition.z
      value: 0
      objectReference: {fileID: 0}
    - target: {fileID: 4759277807092888, guid: 37e2b1645c44bbd4e9d178679504b5a3, type: 2}
      propertyPath: m_LocalRotation.x
      value: -0
      objectReference: {fileID: 0}
    - target: {fileID: 4759277807092888, guid: 37e2b1645c44bbd4e9d178679504b5a3, type: 2}
      propertyPath: m_LocalRotation.y
      value: -0
      objectReference: {fileID: 0}
    - target: {fileID: 4759277807092888, guid: 37e2b1645c44bbd4e9d178679504b5a3, type: 2}
      propertyPath: m_LocalRotation.z
      value: 0.7077013
      objectReference: {fileID: 0}
    - target: {fileID: 4759277807092888, guid: 37e2b1645c44bbd4e9d178679504b5a3, type: 2}
      propertyPath: m_LocalRotation.w
      value: 0.7065118
      objectReference: {fileID: 0}
    - target: {fileID: 4759277807092888, guid: 37e2b1645c44bbd4e9d178679504b5a3, type: 2}
      propertyPath: m_RootOrder
      value: 11
      objectReference: {fileID: 0}
    - target: {fileID: 50243599529143916, guid: 37e2b1645c44bbd4e9d178679504b5a3,
        type: 2}
      propertyPath: m_GravityScale
      value: 1
      objectReference: {fileID: 0}
    - target: {fileID: 50243599529143916, guid: 37e2b1645c44bbd4e9d178679504b5a3,
        type: 2}
      propertyPath: m_UseAutoMass
      value: 0
      objectReference: {fileID: 0}
    - target: {fileID: 50243599529143916, guid: 37e2b1645c44bbd4e9d178679504b5a3,
        type: 2}
      propertyPath: m_Mass
      value: 1
      objectReference: {fileID: 0}
    - target: {fileID: 4759277807092888, guid: 37e2b1645c44bbd4e9d178679504b5a3, type: 2}
      propertyPath: m_LocalEulerAnglesHint.z
      value: 90.096
      objectReference: {fileID: 0}
    m_RemovedComponents: []
  m_ParentPrefab: {fileID: 100100000, guid: 37e2b1645c44bbd4e9d178679504b5a3, type: 2}
  m_IsPrefabParent: 0
--- !u!1 &1935393717
GameObject:
  m_ObjectHideFlags: 0
  m_PrefabParentObject: {fileID: 0}
  m_PrefabInternal: {fileID: 0}
  serializedVersion: 5
  m_Component:
  - component: {fileID: 1935393719}
  - component: {fileID: 1935393718}
  m_Layer: 0
  m_Name: Background
  m_TagString: Untagged
  m_Icon: {fileID: 0}
  m_NavMeshLayer: 0
  m_StaticEditorFlags: 0
  m_IsActive: 1
--- !u!212 &1935393718
SpriteRenderer:
  m_ObjectHideFlags: 0
  m_PrefabParentObject: {fileID: 0}
  m_PrefabInternal: {fileID: 0}
  m_GameObject: {fileID: 1935393717}
  m_Enabled: 1
  m_CastShadows: 0
  m_ReceiveShadows: 0
  m_MotionVectors: 1
  m_LightProbeUsage: 1
  m_ReflectionProbeUsage: 1
  m_Materials:
  - {fileID: 10754, guid: 0000000000000000f000000000000000, type: 0}
  m_StaticBatchInfo:
    firstSubMesh: 0
    subMeshCount: 0
  m_StaticBatchRoot: {fileID: 0}
  m_ProbeAnchor: {fileID: 0}
  m_LightProbeVolumeOverride: {fileID: 0}
  m_ScaleInLightmap: 1
  m_PreserveUVs: 0
  m_IgnoreNormalsForChartDetection: 0
  m_ImportantGI: 0
  m_SelectedEditorRenderState: 0
  m_MinimumChartSize: 4
  m_AutoUVMaxDistance: 0.5
  m_AutoUVMaxAngle: 89
  m_LightmapParameters: {fileID: 0}
  m_SortingLayerID: -733310967
  m_SortingLayer: -1
  m_SortingOrder: 0
  m_Sprite: {fileID: 21300000, guid: 84826cd50fd69ca4897ce74baaae884f, type: 3}
  m_Color: {r: 1, g: 1, b: 1, a: 1}
  m_FlipX: 0
  m_FlipY: 0
  m_DrawMode: 0
  m_Size: {x: 19.2, y: 10.8}
  m_AdaptiveModeThreshold: 0.5
  m_SpriteTileMode: 0
  m_WasSpriteAssigned: 1
  m_MaskInteraction: 0
--- !u!4 &1935393719
Transform:
  m_ObjectHideFlags: 0
  m_PrefabParentObject: {fileID: 0}
  m_PrefabInternal: {fileID: 0}
  m_GameObject: {fileID: 1935393717}
  m_LocalRotation: {x: 0, y: 0, z: 0, w: 1}
  m_LocalPosition: {x: -0.285, y: 0.061, z: 0}
  m_LocalScale: {x: 1.2776588, y: 1.1944244, z: 1}
  m_Children: []
  m_Father: {fileID: 0}
  m_RootOrder: 3
  m_LocalEulerAnglesHint: {x: 0, y: 0, z: 0}
--- !u!1 &2060362244
GameObject:
  m_ObjectHideFlags: 0
  m_PrefabParentObject: {fileID: 0}
  m_PrefabInternal: {fileID: 0}
  serializedVersion: 5
  m_Component:
  - component: {fileID: 2060362248}
  - component: {fileID: 2060362247}
  - component: {fileID: 2060362246}
  - component: {fileID: 2060362245}
  m_Layer: 0
  m_Name: Wood_Normal (1)
  m_TagString: Untagged
  m_Icon: {fileID: 0}
  m_NavMeshLayer: 0
  m_StaticEditorFlags: 0
  m_IsActive: 1
--- !u!50 &2060362245
Rigidbody2D:
  serializedVersion: 4
  m_ObjectHideFlags: 0
  m_PrefabParentObject: {fileID: 0}
  m_PrefabInternal: {fileID: 0}
  m_GameObject: {fileID: 2060362244}
  m_BodyType: 0
  m_Simulated: 1
  m_UseFullKinematicContacts: 0
  m_UseAutoMass: 0
  m_Mass: 1
  m_LinearDrag: 0
  m_AngularDrag: 0.05
  m_GravityScale: 1
  m_Material: {fileID: 0}
  m_Interpolate: 0
  m_SleepingMode: 1
  m_CollisionDetection: 0
  m_Constraints: 0
--- !u!61 &2060362246
BoxCollider2D:
  m_ObjectHideFlags: 0
  m_PrefabParentObject: {fileID: 0}
  m_PrefabInternal: {fileID: 0}
  m_GameObject: {fileID: 2060362244}
  m_Enabled: 1
  m_Density: 1
  m_Material: {fileID: 0}
  m_IsTrigger: 0
  m_UsedByEffector: 0
  m_UsedByComposite: 0
  m_Offset: {x: -0.0037465096, y: 0.020605445}
  m_SpriteTilingProperty:
    border: {x: 0, y: 0, z: 0, w: 0}
    pivot: {x: 0.5, y: 0.5}
    oldSize: {x: 0.47, y: 1.22}
    newSize: {x: 0.47, y: 1.22}
    adaptiveTilingThreshold: 0.5
    drawMode: 0
    adaptiveTiling: 0
  m_AutoTiling: 0
  serializedVersion: 2
  m_Size: {x: 0.41005707, y: 1.1413245}
  m_EdgeRadius: 0
--- !u!212 &2060362247
SpriteRenderer:
  m_ObjectHideFlags: 0
  m_PrefabParentObject: {fileID: 0}
  m_PrefabInternal: {fileID: 0}
  m_GameObject: {fileID: 2060362244}
  m_Enabled: 1
  m_CastShadows: 0
  m_ReceiveShadows: 0
  m_MotionVectors: 1
  m_LightProbeUsage: 1
  m_ReflectionProbeUsage: 1
  m_Materials:
  - {fileID: 10754, guid: 0000000000000000f000000000000000, type: 0}
  m_StaticBatchInfo:
    firstSubMesh: 0
    subMeshCount: 0
  m_StaticBatchRoot: {fileID: 0}
  m_ProbeAnchor: {fileID: 0}
  m_LightProbeVolumeOverride: {fileID: 0}
  m_ScaleInLightmap: 1
  m_PreserveUVs: 0
  m_IgnoreNormalsForChartDetection: 0
  m_ImportantGI: 0
  m_SelectedEditorRenderState: 0
  m_MinimumChartSize: 4
  m_AutoUVMaxDistance: 0.5
  m_AutoUVMaxAngle: 89
  m_LightmapParameters: {fileID: 0}
  m_SortingLayerID: 0
  m_SortingLayer: 0
  m_SortingOrder: 0
  m_Sprite: {fileID: 21300000, guid: b4b86ab71b702cb4485fb1aacc9a59cd, type: 3}
  m_Color: {r: 1, g: 1, b: 1, a: 1}
  m_FlipX: 0
  m_FlipY: 0
  m_DrawMode: 0
  m_Size: {x: 0.47, y: 1.22}
  m_AdaptiveModeThreshold: 0.5
  m_SpriteTileMode: 0
  m_WasSpriteAssigned: 1
  m_MaskInteraction: 0
--- !u!4 &2060362248
Transform:
  m_ObjectHideFlags: 0
  m_PrefabParentObject: {fileID: 0}
  m_PrefabInternal: {fileID: 0}
  m_GameObject: {fileID: 2060362244}
  m_LocalRotation: {x: 0, y: 0, z: 0, w: 1}
  m_LocalPosition: {x: 5.816, y: -0.973, z: 0}
  m_LocalScale: {x: 1, y: 1, z: 1}
  m_Children: []
  m_Father: {fileID: 0}
  m_RootOrder: 10
  m_LocalEulerAnglesHint: {x: 0, y: 0, z: 0}
--- !u!1 &2131276857
GameObject:
  m_ObjectHideFlags: 0
  m_PrefabParentObject: {fileID: 0}
  m_PrefabInternal: {fileID: 0}
  serializedVersion: 5
  m_Component:
  - component: {fileID: 2131276862}
  - component: {fileID: 2131276861}
  - component: {fileID: 2131276860}
  - component: {fileID: 2131276859}
  - component: {fileID: 2131276858}
  m_Layer: 0
  m_Name: Main Camera
  m_TagString: MainCamera
  m_Icon: {fileID: 0}
  m_NavMeshLayer: 0
  m_StaticEditorFlags: 0
  m_IsActive: 1
--- !u!81 &2131276858
AudioListener:
  m_ObjectHideFlags: 0
  m_PrefabParentObject: {fileID: 0}
  m_PrefabInternal: {fileID: 0}
  m_GameObject: {fileID: 2131276857}
  m_Enabled: 1
--- !u!124 &2131276859
Behaviour:
  m_ObjectHideFlags: 0
  m_PrefabParentObject: {fileID: 0}
  m_PrefabInternal: {fileID: 0}
  m_GameObject: {fileID: 2131276857}
  m_Enabled: 1
--- !u!92 &2131276860
Behaviour:
  m_ObjectHideFlags: 0
  m_PrefabParentObject: {fileID: 0}
  m_PrefabInternal: {fileID: 0}
  m_GameObject: {fileID: 2131276857}
  m_Enabled: 1
--- !u!20 &2131276861
Camera:
  m_ObjectHideFlags: 0
  m_PrefabParentObject: {fileID: 0}
  m_PrefabInternal: {fileID: 0}
  m_GameObject: {fileID: 2131276857}
  m_Enabled: 1
  serializedVersion: 2
  m_ClearFlags: 1
  m_BackGroundColor: {r: 0.19215687, g: 0.3019608, b: 0.4745098, a: 0}
  m_NormalizedViewPortRect:
    serializedVersion: 2
    x: 0
    y: 0
    width: 1
    height: 1
  near clip plane: 0.3
  far clip plane: 1000
  field of view: 60
  orthographic: 1
  orthographic size: 5
  m_Depth: -1
  m_CullingMask:
    serializedVersion: 2
    m_Bits: 4294967295
  m_RenderingPath: -1
  m_TargetTexture: {fileID: 0}
  m_TargetDisplay: 0
  m_TargetEye: 3
  m_HDR: 1
  m_AllowMSAA: 1
  m_ForceIntoRT: 0
  m_OcclusionCulling: 1
  m_StereoConvergence: 10
  m_StereoSeparation: 0.022
  m_StereoMirrorMode: 0
--- !u!4 &2131276862
Transform:
  m_ObjectHideFlags: 0
  m_PrefabParentObject: {fileID: 0}
  m_PrefabInternal: {fileID: 0}
  m_GameObject: {fileID: 2131276857}
  m_LocalRotation: {x: 0, y: 0, z: 0, w: 1}
  m_LocalPosition: {x: 0, y: 0, z: -10}
  m_LocalScale: {x: 1, y: 1, z: 1}
  m_Children: []
  m_Father: {fileID: 0}
  m_RootOrder: 0
  m_LocalEulerAnglesHint: {x: 0, y: 0, z: 0}
